<record><leader>00000cas a22000007a 4500</leader><controlfield tag="001">21894824</controlfield><controlfield tag="008">900621c19529999mouwr ne      0   a0eng d</controlfield><datafield ind1=" " ind2=" " tag="010"><subfield code="a">sn 90061962 </subfield></datafield><datafield ind1=" " ind2=" " tag="040"><subfield code="a">MQN</subfield><subfield code="b">eng</subfield><subfield code="c">MQN</subfield><subfield code="d">NSD</subfield><subfield code="d">OCLCQ</subfield></datafield><datafield ind1=" " ind2=" " tag="012"><subfield code="m">1</subfield></datafield><datafield ind1="1" ind2=" " tag="022"><subfield code="a">1089-9235</subfield><subfield code="l">1089-9235</subfield><subfield code="2">1</subfield></datafield><datafield ind1=" " ind2=" " tag="032"><subfield code="a">443300</subfield><subfield code="b">USPS</subfield></datafield><datafield ind1=" " ind2=" " tag="042"><subfield code="a">msc</subfield><subfield code="a">nsdp</subfield></datafield><datafield ind1="0" ind2=" " tag="130"><subfield code="a">Press-dispatch (North Kansas City, Mo.)</subfield></datafield><datafield ind1=" " ind2="0" tag="222"><subfield code="a">Press-dispatch</subfield><subfield code="b">(North Kansas City, Mo.)</subfield></datafield><datafield ind1="1" ind2="4" tag="245"><subfield code="a">The press-dispatch.</subfield></datafield><datafield ind1=" " ind2=" " tag="260"><subfield code="a">North Kansas City, Mo. :</subfield><subfield code="b">Clay County Pub. Co.,</subfield><subfield code="c">1952-</subfield></datafield><datafield ind1=" " ind2=" " tag="300"><subfield code="a">v.</subfield></datafield><datafield ind1=" " ind2=" " tag="310"><subfield code="a">Semiweekly,</subfield><subfield code="b">&lt;June 28, 1996&gt;-</subfield></datafield><datafield ind1=" " ind2=" " tag="321"><subfield code="a">Weekly,</subfield><subfield code="b">Sept. 7, 1979-</subfield></datafield><datafield ind1=" " ind2=" " tag="321"><subfield code="a">Weekly,</subfield><subfield code="b">&lt;Jan. 22, 1953&gt;-May 6, 1965</subfield></datafield><datafield ind1=" " ind2=" " tag="321"><subfield code="a">Semiweekly,</subfield><subfield code="b">May 10, 1965-Aug. 31, 1979</subfield></datafield><datafield ind1="1" ind2=" " tag="362"><subfield code="a">Began in 1952.</subfield></datafield><datafield ind1=" " ind2=" " tag="500"><subfield code="a">Publisher: Harold G. Townsend Jr., &lt;1996&gt;</subfield></datafield><datafield ind1=" " ind2=" " tag="588"><subfield code="a">Description based on: Vol. 2, no. 2 (Jan. 22, 1953).</subfield></datafield><datafield ind1=" " ind2=" " tag="588"><subfield code="a">Latest issue consulted: 81st year, 51st ed. (June 28, 1996).</subfield></datafield><datafield ind1=" " ind2="4" tag="651"><subfield code="a">North Kansas City (Mo.)</subfield><subfield code="v">Newspapers.</subfield></datafield><datafield ind1=" " ind2=" " tag="752"><subfield code="a">United States</subfield><subfield code="b">Missouri</subfield><subfield code="c">Clay</subfield><subfield code="d">North Kansas City.</subfield></datafield><datafield ind1="0" ind2="0" tag="780"><subfield code="t">Industrial press (North Kansas City, Mo.)</subfield><subfield code="w">(DLC)sn 90061349</subfield></datafield><datafield ind1="0" ind2="5" tag="780"><subfield code="t">News-dispatch (North Kansas City, Mo.)</subfield><subfield code="w">(DLC)sn 90061964</subfield></datafield><datafield ind1="1" ind2=" " tag="029"><subfield code="a">AU@</subfield><subfield code="b">000025857352</subfield></datafield></record>